%YAML 1.1
%TAG !u! tag:unity3d.com,2011:
--- !u!1 &3097280117418556237
GameObject:
  m_ObjectHideFlags: 0
  m_CorrespondingSourceObject: {fileID: 0}
  m_PrefabInstance: {fileID: 0}
  m_PrefabAsset: {fileID: 0}
  serializedVersion: 6
  m_Component:
  - component: {fileID: 3097280117418556243}
  m_Layer: 0
  m_Name: Fire Spawn
  m_TagString: Untagged
  m_Icon: {fileID: 0}
  m_NavMeshLayer: 0
  m_StaticEditorFlags: 0
  m_IsActive: 1
--- !u!4 &3097280117418556243
Transform:
  m_ObjectHideFlags: 0
  m_CorrespondingSourceObject: {fileID: 0}
  m_PrefabInstance: {fileID: 0}
  m_PrefabAsset: {fileID: 0}
  m_GameObject: {fileID: 3097280117418556237}
  m_LocalRotation: {x: -0, y: -0, z: -0, w: 1}
  m_LocalPosition: {x: 0, y: 1.462, z: 0.604}
  m_LocalScale: {x: 1, y: 1, z: 1}
  m_Children: []
  m_Father: {fileID: 7133824667034598041}
  m_RootOrder: 2
  m_LocalEulerAnglesHint: {x: 0, y: 0, z: 0}
--- !u!1 &7133824666079718041
GameObject:
  m_ObjectHideFlags: 0
  m_CorrespondingSourceObject: {fileID: 0}
  m_PrefabInstance: {fileID: 0}
  m_PrefabAsset: {fileID: 0}
  serializedVersion: 6
  m_Component:
  - component: {fileID: 7133824666079718044}
  - component: {fileID: 7133824666079718043}
  - component: {fileID: 7133824666079718042}
  - component: {fileID: 7133824666079718045}
  m_Layer: 0
  m_Name: Main Camera
  m_TagString: MainCamera
  m_Icon: {fileID: 0}
  m_NavMeshLayer: 0
  m_StaticEditorFlags: 0
  m_IsActive: 1
--- !u!4 &7133824666079718044
Transform:
  m_ObjectHideFlags: 0
  m_CorrespondingSourceObject: {fileID: 0}
  m_PrefabInstance: {fileID: 0}
  m_PrefabAsset: {fileID: 0}
  m_GameObject: {fileID: 7133824666079718041}
  m_LocalRotation: {x: -0, y: -0, z: -0, w: 1}
  m_LocalPosition: {x: 0, y: 0.00000071525574, z: 0}
  m_LocalScale: {x: 1, y: 1, z: 1}
  m_Children: []
  m_Father: {fileID: 7133824667293902760}
  m_RootOrder: 0
  m_LocalEulerAnglesHint: {x: 0, y: 0, z: 0}
--- !u!20 &7133824666079718043
Camera:
  m_ObjectHideFlags: 0
  m_CorrespondingSourceObject: {fileID: 0}
  m_PrefabInstance: {fileID: 0}
  m_PrefabAsset: {fileID: 0}
  m_GameObject: {fileID: 7133824666079718041}
  m_Enabled: 1
  serializedVersion: 2
  m_ClearFlags: 1
  m_BackGroundColor: {r: 0.19215687, g: 0.3019608, b: 0.4745098, a: 0}
  m_projectionMatrixMode: 1
  m_GateFitMode: 2
  m_FOVAxisMode: 0
  m_SensorSize: {x: 36, y: 24}
  m_LensShift: {x: 0, y: 0}
  m_FocalLength: 50
  m_NormalizedViewPortRect:
    serializedVersion: 2
    x: 0
    y: 0
    width: 1
    height: 1
  near clip plane: 0.1
  far clip plane: 5000
  field of view: 67
  orthographic: 0
  orthographic size: 5
  m_Depth: -1
  m_CullingMask:
    serializedVersion: 2
    m_Bits: 4294967295
  m_RenderingPath: -1
  m_TargetTexture: {fileID: 0}
  m_TargetDisplay: 0
  m_TargetEye: 3
  m_HDR: 1
  m_AllowMSAA: 1
  m_AllowDynamicResolution: 0
  m_ForceIntoRT: 0
  m_OcclusionCulling: 1
  m_StereoConvergence: 10
  m_StereoSeparation: 0.022
--- !u!81 &7133824666079718042
AudioListener:
  m_ObjectHideFlags: 0
  m_CorrespondingSourceObject: {fileID: 0}
  m_PrefabInstance: {fileID: 0}
  m_PrefabAsset: {fileID: 0}
  m_GameObject: {fileID: 7133824666079718041}
  m_Enabled: 1
--- !u!114 &7133824666079718045
MonoBehaviour:
  m_ObjectHideFlags: 0
  m_CorrespondingSourceObject: {fileID: 0}
  m_PrefabInstance: {fileID: 0}
  m_PrefabAsset: {fileID: 0}
  m_GameObject: {fileID: 7133824666079718041}
  m_Enabled: 1
  m_EditorHideFlags: 0
  m_Script: {fileID: 11500000, guid: 72ece51f2901e7445ab60da3685d6b5f, type: 3}
  m_Name: 
  m_EditorClassIdentifier: 
  m_ShowDebugText: 0
  m_ShowCameraFrustum: 1
  m_IgnoreTimeScale: 0
  m_WorldUpOverride: {fileID: 0}
  m_UpdateMethod: 2
  m_BlendUpdateMethod: 1
  m_DefaultBlend:
    m_Style: 1
    m_Time: 2
    m_CustomCurve:
      serializedVersion: 2
      m_Curve: []
      m_PreInfinity: 2
      m_PostInfinity: 2
      m_RotationOrder: 4
  m_CustomBlends: {fileID: 0}
  m_CameraCutEvent:
    m_PersistentCalls:
      m_Calls: []
  m_CameraActivatedEvent:
    m_PersistentCalls:
      m_Calls: []
--- !u!1 &7133824667034598023
GameObject:
  m_ObjectHideFlags: 0
  m_CorrespondingSourceObject: {fileID: 0}
  m_PrefabInstance: {fileID: 0}
  m_PrefabAsset: {fileID: 0}
  serializedVersion: 6
  m_Component:
  - component: {fileID: 7133824667034598041}
  - component: {fileID: 7133824667034598040}
  - component: {fileID: 7133824667034598042}
  - component: {fileID: 7563345257894220658}
  - component: {fileID: 1556363237}
  - component: {fileID: 2354214151903799780}
  - component: {fileID: 8364447047956192161}
  - component: {fileID: 5132885484027155291}
  m_Layer: 0
  m_Name: 'Player '
  m_TagString: Player
  m_Icon: {fileID: 0}
  m_NavMeshLayer: 0
  m_StaticEditorFlags: 0
  m_IsActive: 1
--- !u!4 &7133824667034598041
Transform:
  m_ObjectHideFlags: 0
  m_CorrespondingSourceObject: {fileID: 0}
  m_PrefabInstance: {fileID: 0}
  m_PrefabAsset: {fileID: 0}
  m_GameObject: {fileID: 7133824667034598023}
  m_LocalRotation: {x: 0, y: 0, z: 0, w: 1}
  m_LocalPosition: {x: 0, y: 0, z: 0}
  m_LocalScale: {x: 1, y: 1, z: 1}
  m_Children:
  - {fileID: 7133824667293902760}
  - {fileID: 5661579569040831006}
  - {fileID: 3097280117418556243}
  m_Father: {fileID: 0}
  m_RootOrder: 0
  m_LocalEulerAnglesHint: {x: 0, y: 0, z: 0}
--- !u!114 &7133824667034598040
MonoBehaviour:
  m_ObjectHideFlags: 0
  m_CorrespondingSourceObject: {fileID: 0}
  m_PrefabInstance: {fileID: 0}
  m_PrefabAsset: {fileID: 0}
  m_GameObject: {fileID: 7133824667034598023}
  m_Enabled: 1
  m_EditorHideFlags: 0
  m_Script: {fileID: 11500000, guid: b9ce608a543dabc45810b5676300aa79, type: 3}
  m_Name: 
  m_EditorClassIdentifier: 
  followPlayer: {fileID: 7133824667293902807}
  _enemy: {fileID: 7159602767395654535, guid: 0e388c3e15224ee479850e13b4c23b57, type: 3}
--- !u!114 &7133824667034598042
MonoBehaviour:
  m_ObjectHideFlags: 0
  m_CorrespondingSourceObject: {fileID: 0}
  m_PrefabInstance: {fileID: 0}
  m_PrefabAsset: {fileID: 0}
  m_GameObject: {fileID: 7133824667034598023}
  m_Enabled: 1
  m_EditorHideFlags: 0
  m_Script: {fileID: 11500000, guid: 62899f850307741f2a39c98a8b639597, type: 3}
  m_Name: 
  m_EditorClassIdentifier: 
  m_Actions: {fileID: -944628639613478452, guid: afe15e6bfdfa94440a85ba3d08acf19d, type: 3}
  m_NotificationBehavior: 3
  m_UIInputModule: {fileID: 0}
  m_DeviceLostEvent:
    m_PersistentCalls:
      m_Calls: []
  m_DeviceRegainedEvent:
    m_PersistentCalls:
      m_Calls: []
  m_ControlsChangedEvent:
    m_PersistentCalls:
      m_Calls: []
  m_ActionEvents:
  - m_PersistentCalls:
      m_Calls:
      - m_Target: {fileID: 0}
        m_TargetAssemblyTypeName: 
        m_MethodName: 
        m_Mode: 1
        m_Arguments:
          m_ObjectArgument: {fileID: 0}
          m_ObjectArgumentAssemblyTypeName: 
          m_IntArgument: 0
          m_FloatArgument: 0
          m_StringArgument: 
          m_BoolArgument: 0
        m_CallState: 2
    m_ActionId: e3c8d5c2-161a-4856-b407-8332f89d5cff
    m_ActionName: Player/Attack[/Mouse/leftButton]
  - m_PersistentCalls:
      m_Calls: []
    m_ActionId: da84a5a3-4aee-4717-a436-e59c3c6a3ff9
    m_ActionName: Player/Move[/Keyboard/w,/Keyboard/s,/Keyboard/a,/Keyboard/d]
  m_NeverAutoSwitchControlSchemes: 0
  m_DefaultControlScheme: 
  m_DefaultActionMap: Player
  m_SplitScreenIndex: -1
  m_Camera: {fileID: 0}
--- !u!195 &7563345257894220658
NavMeshAgent:
  m_ObjectHideFlags: 0
  m_CorrespondingSourceObject: {fileID: 0}
  m_PrefabInstance: {fileID: 0}
  m_PrefabAsset: {fileID: 0}
  m_GameObject: {fileID: 7133824667034598023}
  m_Enabled: 1
  m_AgentTypeID: 0
  m_Radius: 0.5
  m_Speed: 3.5
  m_Acceleration: 8
  avoidancePriority: 50
  m_AngularSpeed: 120
  m_StoppingDistance: 0
  m_AutoTraverseOffMeshLink: 0
  m_AutoBraking: 1
  m_AutoRepath: 1
  m_Height: 2
  m_BaseOffset: 0
  m_WalkableMask: 4294967295
  m_ObstacleAvoidanceType: 4
--- !u!114 &1556363237
MonoBehaviour:
  m_ObjectHideFlags: 0
  m_CorrespondingSourceObject: {fileID: 0}
  m_PrefabInstance: {fileID: 0}
  m_PrefabAsset: {fileID: 0}
  m_GameObject: {fileID: 7133824667034598023}
  m_Enabled: 1
  m_EditorHideFlags: 0
  m_Script: {fileID: 11500000, guid: 565c79e71bda46b4aadb920ed6a42ec8, type: 3}
  m_Name: 
  m_EditorClassIdentifier: 
  _damage:
    _baseValue: 1
  _speed:
    _baseValue: 2
  _attackRate:
    _baseValue: 2
  _maxHealth:
    _baseValue: 10
--- !u!114 &2354214151903799780
MonoBehaviour:
  m_ObjectHideFlags: 0
  m_CorrespondingSourceObject: {fileID: 0}
  m_PrefabInstance: {fileID: 0}
  m_PrefabAsset: {fileID: 0}
  m_GameObject: {fileID: 7133824667034598023}
  m_Enabled: 1
  m_EditorHideFlags: 0
  m_Script: {fileID: 11500000, guid: cf436a2126ae54e4ab36dc9591257864, type: 3}
  m_Name: 
  m_EditorClassIdentifier: 
  _arrowPooler: {fileID: 0}
  _shootPoint: {fileID: 3097280117418556243}
  _followPlayer: {fileID: 7133824667293902807}
--- !u!114 &8364447047956192161
MonoBehaviour:
  m_ObjectHideFlags: 0
  m_CorrespondingSourceObject: {fileID: 0}
  m_PrefabInstance: {fileID: 0}
  m_PrefabAsset: {fileID: 0}
  m_GameObject: {fileID: 7133824667034598023}
  m_Enabled: 1
  m_EditorHideFlags: 0
  m_Script: {fileID: 11500000, guid: 5e389eda00709b94a96ab2b9cfc8406b, type: 3}
  m_Name: 
  m_EditorClassIdentifier: 
--- !u!114 &5132885484027155291
MonoBehaviour:
  m_ObjectHideFlags: 0
  m_CorrespondingSourceObject: {fileID: 0}
  m_PrefabInstance: {fileID: 0}
  m_PrefabAsset: {fileID: 0}
  m_GameObject: {fileID: 7133824667034598023}
  m_Enabled: 1
  m_EditorHideFlags: 0
  m_Script: {fileID: 11500000, guid: 097170c9760dea14085b833d99b67bfe, type: 3}
  m_Name: 
  m_EditorClassIdentifier: 
--- !u!1 &7133824667293902807
GameObject:
  m_ObjectHideFlags: 0
  m_CorrespondingSourceObject: {fileID: 0}
  m_PrefabInstance: {fileID: 0}
  m_PrefabAsset: {fileID: 0}
  serializedVersion: 6
  m_Component:
  - component: {fileID: 7133824667293902760}
  m_Layer: 0
  m_Name: FollowPlayer
  m_TagString: Untagged
  m_Icon: {fileID: 0}
  m_NavMeshLayer: 0
  m_StaticEditorFlags: 0
  m_IsActive: 1
--- !u!4 &7133824667293902760
Transform:
  m_ObjectHideFlags: 0
  m_CorrespondingSourceObject: {fileID: 0}
  m_PrefabInstance: {fileID: 0}
  m_PrefabAsset: {fileID: 0}
  m_GameObject: {fileID: 7133824667293902807}
  m_LocalRotation: {x: 0, y: 0, z: 0, w: 1}
  m_LocalPosition: {x: 0, y: 1.7, z: 0}
  m_LocalScale: {x: 1, y: 1, z: 1}
  m_Children:
  - {fileID: 7133824666079718044}
  m_Father: {fileID: 7133824667034598041}
  m_RootOrder: 0
  m_LocalEulerAnglesHint: {x: 0, y: 0, z: 0}
--- !u!1001 &5661579569041235944
PrefabInstance:
  m_ObjectHideFlags: 0
  serializedVersion: 2
  m_Modification:
    m_TransformParent: {fileID: 7133824667034598041}
    m_Modifications:
    - target: {fileID: 167016, guid: 1dcc6f17f2ad24b98a7ef082c8c454a9, type: 3}
      propertyPath: m_Name
      value: Crossbow
      objectReference: {fileID: 0}
    - target: {fileID: 421366, guid: 1dcc6f17f2ad24b98a7ef082c8c454a9, type: 3}
      propertyPath: m_RootOrder
      value: 1
      objectReference: {fileID: 0}
    - target: {fileID: 421366, guid: 1dcc6f17f2ad24b98a7ef082c8c454a9, type: 3}
      propertyPath: m_LocalScale.x
      value: 1
      objectReference: {fileID: 0}
    - target: {fileID: 421366, guid: 1dcc6f17f2ad24b98a7ef082c8c454a9, type: 3}
      propertyPath: m_LocalScale.y
      value: 0.56
      objectReference: {fileID: 0}
    - target: {fileID: 421366, guid: 1dcc6f17f2ad24b98a7ef082c8c454a9, type: 3}
      propertyPath: m_LocalScale.z
      value: 0.83
      objectReference: {fileID: 0}
    - target: {fileID: 421366, guid: 1dcc6f17f2ad24b98a7ef082c8c454a9, type: 3}
      propertyPath: m_LocalPosition.x
      value: 0.002
      objectReference: {fileID: 0}
    - target: {fileID: 421366, guid: 1dcc6f17f2ad24b98a7ef082c8c454a9, type: 3}
      propertyPath: m_LocalPosition.y
      value: 1.401
      objectReference: {fileID: 0}
    - target: {fileID: 421366, guid: 1dcc6f17f2ad24b98a7ef082c8c454a9, type: 3}
      propertyPath: m_LocalPosition.z
      value: 0.011
      objectReference: {fileID: 0}
    - target: {fileID: 421366, guid: 1dcc6f17f2ad24b98a7ef082c8c454a9, type: 3}
      propertyPath: m_LocalRotation.w
      value: -0.49640942
      objectReference: {fileID: 0}
    - target: {fileID: 421366, guid: 1dcc6f17f2ad24b98a7ef082c8c454a9, type: 3}
      propertyPath: m_LocalRotation.x
      value: 0.49640942
      objectReference: {fileID: 0}
    - target: {fileID: 421366, guid: 1dcc6f17f2ad24b98a7ef082c8c454a9, type: 3}
      propertyPath: m_LocalRotation.y
      value: -0.5035651
      objectReference: {fileID: 0}
    - target: {fileID: 421366, guid: 1dcc6f17f2ad24b98a7ef082c8c454a9, type: 3}
      propertyPath: m_LocalRotation.z
      value: -0.5035651
      objectReference: {fileID: 0}
    - target: {fileID: 421366, guid: 1dcc6f17f2ad24b98a7ef082c8c454a9, type: 3}
      propertyPath: m_LocalEulerAnglesHint.x
      value: 270
      objectReference: {fileID: 0}
    - target: {fileID: 421366, guid: 1dcc6f17f2ad24b98a7ef082c8c454a9, type: 3}
      propertyPath: m_LocalEulerAnglesHint.y
      value: 90.6
      objectReference: {fileID: 0}
    - target: {fileID: 421366, guid: 1dcc6f17f2ad24b98a7ef082c8c454a9, type: 3}
      propertyPath: m_LocalEulerAnglesHint.z
      value: 0.22
      objectReference: {fileID: 0}
    m_RemovedComponents: []
  m_SourcePrefab: {fileID: 100100000, guid: 1dcc6f17f2ad24b98a7ef082c8c454a9, type: 3}
--- !u!4 &5661579569040831006 stripped
Transform:
  m_CorrespondingSourceObject: {fileID: 421366, guid: 1dcc6f17f2ad24b98a7ef082c8c454a9, type: 3}
  m_PrefabInstance: {fileID: 5661579569041235944}
  m_PrefabAsset: {fileID: 0}
